@Book{lamport,
  author =	 {L[eslie] Lamport},
  title = 	 {{\LaTeX: A} Document Preparation System},
  publisher = 	 {Addison-Wesley},
  year = 	 1994
}

@Book{kopka,
  author =	 {H[elmut] Kopka and P[atrick] W[] Daly},
  title = 	 {Guide to {\LaTeX}},
  publisher = 	 {Addison-Wesley},
  year = 	 2004
}

@preamble{"\newcommand{\SortNoop}[1]{}"}
@Book{Cerveny,
  author = {V[] {\SortNoop{Cerveny}}\v{C}erven\'{y}},
  title = {Seismic Ray Method},
  year = {2000},
  publisher = {Cambridge University Press}
}

@PHDTHESIS{forgues96,
  author = {E. Forgues},
  title  = {Inversion linearis\'ee multi-param\`etres via la th\'eorie des rais},
  school = {Institut Fran\c{c}ais du P\'etrole - University Paris VII},
  year   = {1996}
}
