@Article{oliveirajr_etal_2015,
AUTHOR = {Oliveira Jr, V. C. and  Sales, D. P. and Barbosa, V. C. F. and Uieda, L.},
TITLE = {Estimation of the total magnetization direction of approximately spherical bodies},
JOURNAL = {Nonlinear Processes in Geophysics},
VOLUME = {22},
YEAR = {2015},
NUMBER = {2},
PAGES = {215--232},
URL = {https://www.nonlin-processes-geophys.net/22/215/2015/},
DOI = {10.5194/npg-22-215-2015}
}

@BOOK{goldstein1980 ,
author = {H. Goldstein, C. P. Poole Jr., and J. L. Safko },
title = { Classical mechanics},
publisher = {Addison-Wesley},
year = {1980}

}

@BOOK{blakely1996 ,
author = {Blakely, R. J. },
title = { Potential Theory in Gravity and Magnetic Applications},
publisher = {Cambridge University press},
year = {1996}

}

@ARTICLE{pedersen1991,
author = {L. B. Pedersen},
title = {Relations between potential fields and some equivalent sources},
journal = {GEOPHYSICS},
volume = {56},
number = {7},
pages = {961-971},
year = {1991},
doi = {10.1190/1.1443129}


}

@ARTICLE{li_etal_2014,
author = {Yaoguo Li and Misac Nabighian and Douglas W. Oldenburg},
title = {Using an equivalent source with positivity for low-latitude reduction to the pole without striation},
journal = {GEOPHYSICS},
volume = {79},
number = {6},
pages = {J81-J90},
year = {2014},
doi = {10.1190/geo2014-0134.1}


}

@article{baratchart2013,
title = {Characterizing kernels of operators related to thin-plate magnetizations via generalizations of {Hodge} decompositions},
volume = {29},
issn = {0266-5611},
url = {http://iopscience.iop.org/0266-5611/29/1/015004},
doi = {10.1088/0266-5611/29/1/015004},
number = {1},
urldate = {2015-03-03},
journal = {Inverse Problems},
author = {Baratchart, L. and Hardin, D. P. and Lima, E. A. and Saff, E. B. and Weiss, B. P.},
month = jan,
year = {2013},
pages = {015004(29pp)}

}

@article {lima2013,
author = {Lima, Eduardo A. and Weiss, Benjamin P. and Baratchart, Laurent and Hardin, Douglas P. and Saff, Edward B.},
title = {Fast inversion of magnetic field maps of unidirectional planar geological magnetization},
journal = {J. Geophys. Res.: Solid Earth},
volume = {118},
number = {6},
doi = {10.1002/jgrb.50229},
pages = {2723-2752},
year = {2013}

}

@article{lima_weiss_2016,
author = {Lima, Eduardo A. and Weiss, Benjamin P.},
title = {Ultra-high sensitivity moment magnetometry of geological samples using magnetic microscopy},
journal = {Geochemistry, Geophysics, Geosystems},
volume = {17},
number = {9},
pages = {3754-3774},
keywords = {magnetic moment, magnetic microscopy, paleomagnetism, inverse problem},
doi = {10.1002/2016GC006487},
year = {2016}
}

@BOOK{lawson_hanson_1974 ,
author = {C. L. Lawson and R. J. Hanson},
title = {Solving least squares problems},
publisher = {SIAM},
year = {1974}

}

@BOOK{aster2005,
Author = {Richard C. Aster and Brian Borchers and Clifford H. Thurber},
Title = {Parameter Estimation and Inverse Problems (International Geophysics)},
Publisher = {Academic Press},
Year = {2005},
ISBN = {0120656043}

}

@article{dampney1969,
author = {Dampney, C. N. G.},
title = {The equivalent source technique},
journal = {GEOPHYSICS},
volume = {34},
number = {1},
pages = {39-53},
year = {1969},
doi = {10.1190/1.1439996}

}

@article{hansen1992,
author = {Hansen, P. and Oâ€™Leary, D.},
title = {The Use of the L-Curve in the Regularization of Discrete Ill-Posed Problems},
journal = {SIAM Journal on Scientific Computing},
volume = {14},
number = {6},
pages = {1487-1503},
year = {1993},
doi = {10.1137/0914086},
	
}

